@string{ACTA_GEOTECH            = "Acta Geotech"}
@string{ACTA_MECH               = "Acta Mech"}
@string{AIP_CONF_PROC           = "AIP Conf Proc"}
@string{ANNA_DER_PHYS           = "Annalen der Physik"}
@string{ANN_REV_MAT_SCI         = "Ann Rev Mat Sci"}
@string{APPL_MATH_MECH          = "Appl Math Mech"}
@string{APPL_MECH_REV           = "Appl Mech Rev"}
@string{ARCH_MECH               = "Arch Mech"}

@string{BOL_GEO_TEO_APPL        = "Bol Geo Teo Appl"}
@string{BULL_INT_ASSOC_ENG_GEOL = "Bull Int Assoc Eng Geol"}

@string{CHINESE_PHYS_LETT       = "Chinese Phys Lett"}
@string{CZECH_J_PHYS            = "Czech J Phys"}
@string{COMMUN_APPL_NUM_METH    = "Commun Appl Num Meth"}
@string{COMMUN_NUMER_METH_EN    = "Commun Numer Meth En"}
@string{COMPOS_SCI_TEHNOL       = "Compos Sci Technol"}
@string{COMPOS_STRUCT           = "Compos Struct"}
@string{COMP_GEOTECH            = "Comp Geotech"}
@string{COMP_MECH               = "Comp Mech"}
@string{COMP_METH_MECH          = "Comp Meth Mech"}
@string{COMP_STRUCT             = "Comp Struct"}
@string{COMP_METH_APPL_MECH_ENG = "Comp Meth Appl Mech Eng"}

@string{ELSEV_PRE               = "Elsevier Preprint"}
@string{ENSIGN                  = "Ensign"}
@string{EUR_J_MECH_A_-_SOLID    = "Eur J Mech A -- Solid"}
@string{EXP_MECH                = "Exp Mech"}

@string{FERROELECTRICS          = "Ferroelectrics"}

@string{GEOTECHNIQUE            = "Geotechnique"}
@string{GRUN_MATH_WISS          = "Grun Math Wiss"}

@string{IEEE_SYMP_16            = "16th IEEE Int Symp Appl Ferro"}
@string{INT_J_ANA_METH_GEO      = "Int J Ana Meth Geo"}
@string{INT_J_ENG_SCI           = "Int J Eng Sci"}
@string{INT_J_ENG_FRAC_MECH     = "Int J Eng Frac Mech"}
@string{INT_J_NUMER_METH_FLUIDS = "Int J Numer Meth Fluids"}
@string{INT_J_FRAC              = "Int J Frac"}
@string{INT_J_GR_H_GAS_CNTRL    = "Int J G Gas Cntrl"},
@string{INT_J_IMP_ENG           = "Int J Imp Eng"}
@string{INT_J_GEOMECH           = "Int J Geomech"}
@string{INT_J_MECH_SCI          = "Int J Mech Sci"}
@string{INT_J_NUM_ANA_METH_GEO  = "Int J Num Ana Meth Geo"}
@string{INT_J_NUM_METH_ENG      = "Int J Num Meth Eng"}
@string{INT_J_PAR_COMP          = "Int J Par Comp"}
@string{INT_J_PLAST             = "Int J Plast"}
@string{INT_J_ROCK_MECH_MIN_SCI = "Int J Rock Mech Min Sci"}
@string{INT_J_SOL_STRUCT        = "Int J Sol Struct"}
@string{INT_J_DAM_MECH          = "Int J Dam Mech"}

@string{JJAP_APPL_PHYS           = "J J Appl Phys"}
@string{J_CENT_SOUTH_UNIV_TECHNOL = "J Cent South Univ Tech"}
@string{J_PHYS_-_PARIS          = "J Phys -- Paris"}
@string{J_APPL_MATH             = "J Appl Math"}
@string{J_APPL_MECH             = "J Appl Mech"}
@string{J_APPL_PHYS             = "J Appl Phys"}
@string{J_APPL_POLYM_SCI        = "J Appl Polym Sci"}
@string{J_COMPOS_MAT            = "J Compos Mat"}
@string{J_ELAST                 = "J Elast"}
@string{J_ENG_MAT_TECH          = "J Eng Mat Tech"}
@string{J_ENG_MECH              = "J Eng Mech"}
@string{J_GEOPHYS_RES           = "J Geophys Res"}
@string{J_GEOTECH_ENG           = "J Geotech Eng"}
@string{J_GEOTECH_GEOENV_ENG    = "J Geotech Geoenv Eng"}
@string{J_MAT_SCI               = "J Mat Sci"}
@string{J_MECH_MAT_STRUCT       = "J Mech Mat Struct"}
@string{J_PHYS_CHEM_SOL         = "J Phys Chem Sol"}
@string{J_PHYS_COND_MAT         = "J Phys: Cond Mat"}
@string{J_ACOUST_SOC_AM         = "J Acoust Soc Am"}
@string{J_AM_HELICOPTER_SOC     = "J Am Helicopter Soc"}
@string{J_MECH_PHYS_SOL         = "J Mech Phys Sol"}
@string{JETTP_LETT              = "JETP Lett+"}

@string{KEY_ENG_MAT             = "Key Eng Mat"}

@string{MAGN_RESON_MED          = "Magn Reson Med"}
@string{MATH_ANN                = "Math Ann"}
@string{MECCANICA               = "Meccanica"}
@string{MECH_MAT                = "Mech Mat"}
@string{METALL_MATER_TRANS_A    = "Metall Mater Trans A"}

@string{PHIL                    = "Philos"}
@string{PHIL_B                  = "Philos B"}
@string{PHILOS_T_R_SOC_A        = "Philos T R Soc A"}
@string{PHYS_ACC                = "Phys Acc"}
@string{PHYS_REV                = "Phys Rev"}
@string{PHYS_REV_B              = "Phys Rev B"}
@string{POLYM_COMPOSITE         = "Polym Composite"}
@string{PROC_ROY_SOC_LON_A      = "Proc Roy Soc Lon A"}
@string{PUR_APPL_CHEM           = "Pure Appl Chem"}

@string{REP_PROG_PHYS           = "Rep Prog Phys"}
@string{REV_GEOPHYS_SPACE_GE    = "Rev Geophys Space GE"}
@string{REV_MOD_PHYS            = "Rev Mod Phys"}

@string{SAMPE_QUART             = "SAMPE Quart"}
@string{SATZ_POG_ANNA           = "Satz. Poggendorffs Annalen"}
@string{SHOCK_WAVES             = "Shock Waves"}
@string{SOLID_STATE_PHYS        = "Solid State Phys"}
@string{SUB_INT_J_FRAC          = "Submitted to Int J Frac"}

@string{TECH_MECH               = "Technishe Mechanik"}
@string{THEOR_APPL_FRACT_MEC    = "Theor Appl Fract Mec"}
@string{TURK_J_ENG_ENV_SCI      = "Turk J Eng Env Sci"}

@string{UNKNOWN = "unknown"}
