@string{ACTA_GEOTECH            = "Acta Geotechnica"}
@string{ACTA_MECH               = "Acta Mechanica"}
@string{AIP_CONF_PROC           = "Shock Compression of Condensed Matter"}
@string{ANNA_DER_PHYS           = "Annalen der Physik"}

@string{ANN_REV_MAT_SCI         = "Annual Review of Material Science"}
@string{APPL_MATH_MECH          = "Applied Mathematics and Mechanics"}
@string{APPL_MECH_REV           = "Applied Mechanics Review"}
@string{ARCH_MECH               = "Archives of Mechanics"}

@string{BOL_GEO_TEO_APPL        = "Bolletino di Geofisica Teorica ed Applicata"}
@string{BULL_INT_ASSOC_ENG_GEOL = "Bulletin of the International Association of Engineering Geology"}

@string{CHINESE_PHYS_LETT       = "Chinese Physics Letters"}
@string{CZECH_J_PHYS            = "Czechoslovak Journal of Physics B"}
@string{COMMUN_APPL_NUM_METH    = "Communications in Applied Numerical Methods"}
@string{COMMUN_NUMER_METH_EN    = "Commnications in Numerical Methods in Engineering"}
@string{COMPOS_SCI_TEHNOL       = "Composites Science and Technology"}
@string{COMPOS_STRUCT           = "Composite Structures"}
@string{COMP_GEOTECH            = "Computers and Geotechnics"}
@string{COMP_MECH               = "Computational Mechanics"}
@string{COMP_METH_MECH          = "Computational Methods in Mechanics"}
@string{COMP_STRUCT             = "Computers and Structures"}
@string{COMP_METH_APPL_MECH_ENG = "Computer Methods in Applied Mechanics and Engineering"}

@string{ELSEV_PRE               = "Elsevier Preprint"}
@string{ENSIGN                  = "Ensign"}
@string{EUR_J_MECH_A_-_SOLID    = "European Journal of Mechanics A--Solids"}
@string{EXP_MECH                = "Experimental Mechanics"}

@string{FERROELECTRICS          = "Ferroelectrics"}

@string{GEOTECHNIQUE            = "Geotechnique"}
@string{GRUN_MATH_WISS          = "Grundlehren der Mathematischen Wissenschaften"}

@string{IEEE_SYMP_16            = "Sixteenth IEEE International Symposium on Applications of Ferroelectrics"}
@string{INT_J_ANA_METH_GEO      = "International Journal for Analytical Methods in Geomechanics"}
@string{INT_J_ENG_SCI           = "International Journal of Engineering Science"}
@string{INT_J_NUMER_METH_FLUIDS = "International Journal for Numerical Methods in Fluids"}
@string{INT_J_GR_H_GAS_CNTRL    = "International Journal of Greenhouse Gas Control"},
@string{INT_J_IMP_ENG           = "International Journal of Impact Engineering"}
@string{INT_J_GEOMECH           = "International Journal of Geomechanics"}
@string{INT_J_MECH_SCI          = "International Journal of Mechanical Sciences"}
@string{INT_J_NUM_ANA_METH_GEO  = "International Journal for Numerical and Analytical Methods in Geomechanics"}
@string{INT_J_NUM_METH_ENG      = "International Journal of Numerical Methods in Engineering"}
@string{INT_J_PAR_COMP          = "International Journal of Parallel Computing"}
@string{INT_J_PLAST             = "International Journal of Plasticity"}
@string{INT_J_ROCK_MECH_MIN_SCI = "International Journal of Rock Mechanics and Mining Sciences}
@string{INT_J_SOL_STRUCT        = "International Journal of Solids and Structures"}
@string{INT_J_ENG_FRAC_MECH     = "International Journal of Engineering Fracture Mechanics"}
@string{INT_J_FRAC              = "International Journal of Fracture"}
@string{INT_J_DAM_MECH          = "International Journal of Damage Mechanics"}

@string{JJAP_APPL_PHYS           = "Japanese Journal of Applied Physics"}
@string{J_CENT_SOUTH_UNIV_TECHNOL = "J Cent South Univ Technology"}
@string{J_PHYS_-_PARIS          = "Journal De Physiquie"}
@string{J_APPL_MATH             = "Journal of Applied Mathematics"}
@string{J_APPL_MECH             = "Journal of Applied Mechanics"}
@string{J_APPL_PHYS             = "Journal of Applied Physics"}
@string{J_APPL_POLYM_SCI        = "Journal of Applied Polymer Sciences"}
@string{J_COMPOS_MAT            = "Journal of Composite Materials"}
@string{J_ELAST                 = "Journal of Elasticity"}
@string{J_ENG_MAT_TECH          = "Journal of Engineering Materials and Technology"}
@string{J_ENG_MECH              = "Journal of Engineering Mechanics"}
@string{J_GEOPHYS_RES           = "Journal of Geophysical Research"}
@string{J_GEOTECH_ENG           = "Journal of Geotechnical Engineering"}
@string{J_GEOTECH_GEOENV_ENG    = "Journal of Geotechnical and Geoenvironmental Engineering"}
@string{J_MAT_SCI               = "Journal of Material Science"}
@string{J_MECH_MAT_STRUCT       = "Journal of Mechanics of Materials and Structures"}
@string{J_PHYS_CHEM_SOL         = "Journal of Physics and Chemistry of Solids"}
@string{J_PHYS_COND_MAT         = "Journal of Phyics: Condensed Matter"}
@string{J_ACOUST_SOC_AM         = "Journal of the Acoustical Society of America"}
@string{J_AM_HELICOPTER_SOC     = "Journal of the American Helicopter Society"}
@string{J_MECH_PHYS_SOL         = "Journal of the Mechanics and Physics of Solids"}
@string{JETTP_LETT              = "JETP Letters"}

@string{KEY_ENG_MAT             = "Key Engineering Materials"}

@string{MAGN_RESON_MED          = "Magnetic Resonance in Medicine"}
@string{MATH_ANN                = "Mathematische Annalen"}
@string{MECCANICA               = "Meccanica"}
@string{MECH_MAT                = "Mechanics of Materials"}
@string{METALL_MATER_TRANS_A    = "Metallurgical and Materials Transactions A"}

@string{PHIL                    = "Philosophical Magazine"}
@string{PHIL_B                  = "Philosophical Magazine Part B"}
@string{PHILOS_T_R_SOC_A        = "Philosopical Transactions of the Royal Society A -- Mathematical and Engineering Sciences"}
@string{PHYS_ACC                = "Physical Accoustics"}
@string{PHYS_REV                = "Physical Review"}
@string{PHYS_REV_B              = "Physical Review B"}
@string{POLYM_COMPOSITE         = "Polymer Composites"}
@string{PROC_ROY_SOC_LON_A      = "Proceedings of the Royal Society of London A"}
@string{PUR_APPL_CHEM           = "Pure and Applied Chemistry"}

@string{REP_PROG_PHYS           = "Reports on Progress in Physics"}
@string{REV_GEOPHYS_SPACE_GE    = "Reviews of Geophysics and Space Physics"}
@string{REV_MOD_PHYS            = "Reviews of Modern Physics"}

@string{SAMPE_QUART             = "SAMPE Quarterly"}
@string{SATZ_POG_ANNA           = "Satz. Poggendorffs Annalen"}
@string{SHOCK_WAVES             = "Shock Waves"}
@string{SOLID_STATE_PHYS        = "Solid State Physics"}
@string{SUB_INT_J_FRAC          = "Submitted to International Journal of Fracture"}

@string{TECH_MECH               = "Technishe Mechanik"}
@string{THEOR_APPL_FRACT_MEC    = "Theoretical and Applied Fracture Mechanics"}
@string{TURK_J_ENG_ENV_SCI      = "Turkish Journal of Engineering and Environmental Science"}

@string{UNKNOWN = "unknown"}
